% BibTeX Entries
@article{art:Russell:1978:Cray1,
 address              = {New York, USA},
 author               = {Russell, Richard M.},
 issn                 = {0001-0782},
 journal              = {Commun. ACM},
 month                = {1},
 number               = {1},
 pages                = {63--72},
 publisher            = {ACM},
 title                = {{The CRAY-1 Computer System}},
 url                  = {http://doi.acm.org/10.1145/359327.359336},
 volume               = {21},
 year                 = {1978},
 }

@book{book:knuth_1973,
 author               = {Knuth, Donald Ervin},
 publisher            = {Addison-Wesley},
 title                = {{The Art of Computer Programming}},
 year                 = {1973},
 }

@mastersthesis{msc:Shannon:1940,
 author               = {Claude Shannon},
 school               = {Massachusetts Institute of Technology},
 title                = {{A symbolic Analysis of Relay and Switching Circuits}},
 type                 = {MSc Thesis},
 url                  = {https://dspace.mit.edu/handle/1721.1/11173},
 year                 = {1940},
 }

@phdthesis{phd:Sutherland:1963,
 author               = {Ivan Edward Sutherland},
 school               = {Massachusetts Institute of Technology},
 title                = {{Sketchpad, A Man-machine Graphical Communication System}},
 type                 = {PhD Thesis},
 url                  = {https://www.cl.cam.ac.uk/techreports/UCAM-CL-TR-574.pdf},
 year                 = {1963},
 }

@inproceedings{proc:Ewald:1978:HPG,
 author               = {Ewald, Robert H. and Maas, Lynn D.},
 booktitle            = {Proceedings of the 5th Annual Conference on Computer Graphics and Interactive Techniques},
 pages                = {76--81},
 publisher            = {ACM},
 series               = {SIGGRAPH '78},
 title                = {{A High Performance Graphics System for the CRAY-1}},
 url                  = {http://doi.acm.org/10.1145/800248.807374},
 year                 = {1978},
 }
 
@online{online:berkeleyBOINC,
 author               = {Berkeley University},
 lastchecked          = {20 Sept 2010},
 title                = {{Berkeley Open Infractructure for Network Computing}},
 url                  = {http://boinc.berkeley.edu/},
 year                 = {2010},
 urldate              = {2022-10-04}
 }
 
@online{online:Fear2005BookTabs,
 author               = {Simon Fear},
 lastchecked          = {20 Sept 2010},
 title                = {{Publication Quality Tables in \LaTeX}},
 url                  = {http://www.ctan.org/pub/tex-archive/macros/latex/contrib/booktabs/booktabs.pdf},
 year                 = {2005},
 urldate              = {2016-04-29}
 }
 
 @online{online:Fiorio2016algorithm2e,
  author               = {Christophe Fiorio},
  title                = {{Algorithm2e.sty - package for algorithms}},
  year 		           = {2016},
  url                  = {https://www.ctan.org/pkg/algorithm2e?lang=en},
  urldate              = {2015-10-19},
 }
 
 @online{online:Fear2016BookTabs,
 author               = {Simon Fear},
 title                = {{Publication Quality Tables in \LaTeX}},
 year 		          = {2016},
 url                  = {https://www.ctan.org/pkg/booktabs?lang=en},
 urldate              = {2016-04-29},
 }
 
 @online{online:Doolan:2015:PauschLecture,
  author 	      = {Daniel C Doolan},
  title 	      = {{Essential Viewing: Prof Randy Pausch Time Management \& The Last Lecture} },
  year 		      = {2015},
  url 		      = {http://wp.me/p276Ky-ZN},
  urldate 	      = {2015-09-02},
 }
 
@online{online:Doolan:2016:SchwarzeneggerInterview,
   author 	      = {Daniel C Doolan},
   title 	      = {{Essential Viewing: Schwarzenegger Interview: Vision, Goals, Confidence and Time Management}},
   year 	      = {2016},
   url 		      = {http://wp.me/p276Ky-17T},
   urldate 	      = {2016-08-25}
 }

@online{online:Doolan:2016:AcademicResources,
   author 	      = {Daniel C Doolan},
   title 	      = {{Useful Academic Resources - Computer Science}},
   year 	      = {2016},
   url 		      = {https://dcdoolan.wordpress.com/useful-academic-resources-computer-science/},
   urldate 	      = {2022-10-04}
 }
 
@online{online:IEEE-ReferenceGuide:2018,
    author               = {IEEE},
    lastchecked          = {01 Oct 2022},
    title                = {{IEEE Reference Guide}},
    url                  = {https://ieeeauthorcenter.ieee.org/wp-content/uploads/IEEE-Reference-Guide.pdf},
    year                 = {2018},
    urldate              = {2022-10-04},
}

@book{book:Adams:1979,
    author               = {Adams, Douglas},
    title                = {{The Hitchhiker's Guide to the Galaxy}},
    publisher            = {Del Rey},
    year                 = {1979}
}

@book{book:Tolkien:1991:FOTR,
    author               = {J. R. R. Tolkien},
    title                = {{The Fellowship of the Ring}},
    publisher            = {Harper Collins},
    year                 = {1991}
}

@online{online:Jackson:2001:FOTR,
    author 	             = {Peter Jackson},
    title 	             = {{The Lord of the Rings: The Fellowship of the Ring}},
    year 	             = {2001},
    url 		         = {https://www.imdb.com/title/tt0120737/},
    urldate 	         = {2022-10-02}
 }